
@article{desnos2017androguard,
	title={Androguard},
	author={Desnos, Anthony},
	journal={URL: https://github. com/androguard/androguard},
	year={2017}
}

@inproceedings{desnos2011android,
	title={Android: From reversing to decompilation},
	author={Desnos, Anthony and Gueguen, Geoffroy},
	journal={Proc. of Black Hat Abu Dhabi},
	pages={77--101},
	year={2011}
}
@online{android_assets,
	author = {Xamarin},
	title = {Using Android Assets},
	note = {\textit{Xamarin developers website} [Online] . Available: https://developer.xamarin.com/guides/android/application\_fundamentals/resources\_in\_android/part\_6\_-\_using\_android\_assets/. [Accessed: Dec 19, 2017].}
}

@article{lim2016android,
	title={An Android Application Protection Scheme against Dynamic Reverse Engineering Attacks.},
	author={Lim, Kyeonghwan and Jeong, Younsik and Cho, Seong-je and Park, Minkyu and Han, Sangchul},
	journal={JoWUA},
	volume={7},
	number={3},
	pages={40--52},
	year={2016}
}

@inproceedings{afonso2016going,
	title={Going Native: Using a Large-Scale Analysis of Android Apps to Create a Practical Native-Code Sandboxing Policy.},
	author={Afonso, Vitor Monte and de Geus, Paulo L and Bianchi, Antonio and Fratantonio, Yanick and Kruegel, Christopher and Vigna, Giovanni and Doup{\'e}, Adam and Polino, Mario},
	booktitle={NDSS},
	year={2016}
}

@online{APK_structure,
	author = {Android},
	title = {Reduce the APK size},
	note = {\textit{Android Developers} [Online] . Available: https://developer.android.com/topic/performance/reduce-apk-size.html. [Accessed: Dec 20, 2017].}
}

@online{dex_format,
	title = {Dalvik Executable format},
	note = {\textit{Android Open Source Project} [Online] . Available: https://source.android.com/devices/tech/dalvik/dex-format. [Accessed: Dec 20, 2017].}
}

@online{dex_image_albertini,
	title = {Dalvik Executable picture by Ange Albertini},
	note = {\textit{corkami github repository} [Online] . Available: https://github.com/corkami/pics/blob/master/binary/DEX.png. [Accessed: Dec 20, 2017].}
}

@online{multidex,
	author = {Android},
	title = {Enable Multidex for Apps with Over 64K Methods},
	note = {\textit{Android Developers} [Online] . Available: https://developer.android.com/studio/build/multidex.html. [Accessed: Dec 20, 2017].}
}

@online{app_fundamentals,
	author = {Android},
	title = {Android Application Fundamentals},
	note = {\textit{Android Developers} [Online] . Available: https://developer.android.com/guide/components/fundamentals.html. [Accessed: Dec. 20, 2017].},
}


@online{intents,
	author = {Android},
	title = {Android Intents class documentation},
	note = {[Online] . Available: https://developer.android.com/reference/android/content/Intent.html. [Accessed: Dec 20, 2017].}
}

@online{cuckoodroid_docs,
	title = {Cuckoo-droid documentation},
	note = {\textit{cuckoo-droid documentation} [Online] . Available: http://cuckoo-droid.readthedocs.io/en/latest/. [Accessed: Dec 28, 2017].}
}

@online{cuckoo_website,
	author = {Cuckoo-Sandbox}, 
	title = {Cuckoo website},
	note = {\textit{Cuckoo official website} [Online] . Available: https://cuckoosandbox.org/. [Accessed: Dec 28, 2017].}
}

@online{cuckoodroid_github,
	author = {idanr1986}, 
	title = {Cuckoo-droid github},
	note = {\textit{Cucoo-Droid github repository} [Online] . Available: https://github.com/idanr1986/cuckoo-droid. [Accessed: Dec 28, 2017].}
}

@online{xposed_module_repo,
	title = {Xposed Module Repository},
	note = {\textit{Xposed Module} [Online] . Available: http://repo.xposed.info/module/de.robv.android.xposed.installer. [Accessed: Jan 2, 2018].}
}

@online{subprocess_management_library,
	title = {Subprocess management python 2.7},
	note = {\textit{Python Documentation} [Online] . Available: https://docs.python.org/2/library/subprocess.html. [Accessed: Jan 2, 2018].}
}

@online{subprocess.popen_issue16255,
	title = {Subprocess.popen issue 16255},
	note = {\textit{Python Issue tracker} [Online] . Available: https://bugs.python.org/issue16255. [Accessed: Jan 2, 2018].}
}

@online{cuckoodroid_root_issue,
	author = {melonaerial },
	title = {Android AVD root access fail},
	note = {\textit{github repository} [Online] . Available: https://github.com/idanr1986/cuckoo-droid/issues/4. [Accessed: Jan 2, 2018].}
}

@online{android_emulator_7.1_root_stackexchange,
	title = {Android emulator 7.1 rooting procedure},
	note = {\textit{Stack Exchange Question on Rooting AVD} [Online] . Available: https://android.stackexchange.com/questions/171442/root-android-virtual-device-with-android-7-1-1/176447. [Accessed: Jan 2, 2018].}
}

@online{termux_website,
	title = {Termux website},
	note = {\textit{Termux Website} [Online] . Available: https://termux.com/. [Accessed: Jan 2, 2018].}
}

@online{smali/backsmali_github,
	title = {smali/backsmali github},
	note = {\textit{smali github repository} [Online] . Available: https://github.com/JesusFreke/smali. [Accessed: Jan 2, 2018].}
}

@online{bliss,
	title = { bliss: A Tool for Computing Automorphism Groups and Canonical Labelings of Graphs},
	note = {\textit{Webpage for bliss} [Online] . Available: http://www.tcs.hut.fi/Software/bliss/. [Accessed: Feb 21, 2018].}
}


@online{reox,
	title = {reox: Androguard github repository maintainer},
	note = {\textit{reox github user account} [Online] . Available: https://github.com/reox. [Accessed: Feb 21, 2018].}
}

@inproceedings{junttila2007engineering,
	title={Engineering an efficient canonical labeling tool for large and sparse graphs},
	author={Junttila, Tommi and Kaski, Petteri},
	booktitle={2007 Proceedings of the Ninth Workshop on Algorithm Engineering and Experiments (ALENEX)},
	pages={135--149},
	year={2007},
	organization={SIAM}
}

@article{geist2016jailbreak,
	title={Jailbreak/Root Detection Evasion Study on iOS and Android},
	author={Geist, Dana and Nigmatullin, Marat and Bierens, Roel},
	year={2016}
}

@inproceedings{sun2015android,
	title={Android rooting: methods, detection, and evasion},
	author={Sun, San-Tsai and Cuadros, Andrea and Beznosov, Konstantin},
	booktitle={Proceedings of the 5th Annual ACM CCS Workshop on Security and Privacy in Smartphones and Mobile Devices},
	pages={3--14},
	year={2015},
	organization={ACM}
}

@article{amro2018malware,
	title={Malware detection techniques for mobile devices},
	author={Amro, Bela},
	journal={arXiv preprint arXiv:1801.02837},
	year={2018}
}


@online{rooting_youtube,
	author = {Waqar Rashid},
	title = {Cuckoo-Droid Tutorials Part-03: Rooting AVD (Android Virtual Device)},
	note = {\textit{Cuckoo-droid tutorial 03} [Online] . Available: https://www.youtube.com/watch?v=dhu5iIQEymU. [Accessed: April 03, 2018].}
}

@online{subprocess_youtube,
	author = {Waqar Rashid},
	title = {Cuckoo-droid documentation},
	note = {\textit{Cuckoo-droid tutorial 04} [Online] . Available: https://www.youtube.com/watch?v=HRBIZaA5N-w. [Accessed: May 27, 2018].}
}

@online{rootbeer,
	author = {scottyab},
	title = {root beer by scottyab},
	note = {\textit{rootbeer github repository} [Online] . Available: https://github.com/scottyab/rootbeer. [Accessed: 10 Feb 2018].}
}

@online{sophos_anti_emulation,
	author = {BILL BRENNER},
	title = {Android malware anti-emulation techniques},
	note = {\textit{Sophos website} [Online] . Available: https://news.sophos.com/en-us/2017/04/13/android-malware-anti-emulation-techniques/. [Accessed: 05/01/2018].}
}

@online{skinner_adware,
	author = {checkpoint},
	title = {The Skinner adware rears its ugly head on Google Play},
	note = {\textit{Checkpoint website} [Online] . Available: https://blog.checkpoint.com/2017/03/08/skinner-adware-rears-ugly-head-google-play/. [Accessed: 30 May 2018].}
}

@inproceedings{vidas2014evading,
	title={Evading android runtime analysis via sandbox detection},
	author={Vidas, Timothy and Christin, Nicolas},
	booktitle={Proceedings of the 9th ACM symposium on Information, computer and communications security},
	pages={447--458},
	year={2014},
	organization={ACM}
}

@inproceedings{rasthofer2016harvesting,
	title={Harvesting Runtime Values in Android Applications That Feature Anti-Analysis Techniques.},
	author={Rasthofer, Siegfried and Arzt, Steven and Miltenberger, Marc and Bodden, Eric},
	booktitle={NDSS},
	year={2016}
}

@online{frida,
	author = {Frida},
	title = {Frida},
	note = {\textit{Frida website} [Online] . Available: https://www.frida.re/. [Accessed: Feb. 28, 18].}
}

@online{janus_vulnerability,
	author = {GuardSquare},
	title = {New Android vulnerability allows attackers to modify apps without affecting their signatures},
	note = {\textit{Guardsquare blog post} [Online] . Available: https://www.guardsquare.com/en/blog/new-android-vulnerability-allows-attackers-modify-apps-without-affecting-their-signatures. [Accessed: Dec. 20, 2017].}
}

@online{janus_wild,
	author = {Veo Zhang (TrendMicro)},
	title = {Janus Android App Signature Bypass Allows Attackers to Modify Legitimate Apps},
	note = {\textit{Trendmicro blog post about janus vulnerability} [Online] . Available: https://blog.trendmicro.com/trendlabs-security-intelligence/janus-android-app-signature-bypass-allows-attackers-modify-legitimate-apps/. [Accessed: 27 Dec 2017].}
}

@online{parsedroid,
	author = {Eran Vaknin and Gal Elbaz and Alon Boxiner and Oded Vanunu},
	title = {ParseDroid: Targeting The Android Development \& Research Community},
	note = {\textit{Checkpoint website} [Online] . Available: https://research.checkpoint.com/parsedroid-targeting-android-development-research-community/. [Accessed: 20 Dec 2017].}
}

@online{eset_multi_stage_malware,
	author = {Lukas Stefanko},
	title = {Multi-stage malware sneaks into Google Play},
	note = {\textit{welivesecurity website} [Online] . Available: https://www.welivesecurity.com/2017/11/15/multi-stage-malware-sneaks-google-play/. [Accessed: 20, Dec 2017].}
}

@article{ares2,
	author = {Luciano Bello, Marco Pistoia},
	title = {Ares: Triggering Payload of Evasive Android Malware},
	journaltitle = {Association for Computing Machinery.},
	date = {May 27â€“28, 2018,},
	url = {https://researcher.watson.ibm.com/researcher/files/ibm-Luciano.Bello/ares_extended.pdf},
}

@online{ares,
note = {L. Bello and M. Pistoia. \textit{Ares: Triggering Payload of Evasive Malware for Android.} 5th IEEE/ACM International Conference on Mobile Software Engineering and Systems (MOBILESoft 2018) 2018.}
}

@article{android_static_literature,
	author = {Li Li and TegawendÃ© F. Bissyand and Mike Papadakis and Siegfried Rasthofer and
	Alexandre Bartel and
	Damien Octeau and
	Jacques Klein and
	Yves Le Traon},
	title = {Static Analysis of Android Apps: A Systematic Literature Review},
	journaltitle = {www.securityandtrust.lu},
	date = {26 Dec 2016},
	url = {http://orbilu.uni.lu/bitstream/10993/26879/1/tr_slr_article.pdf},
}

@online{monkey_tool,
	author = {Android},
	title = {UI/Application Exerciser Monkey},
	note = {\textit{Android Developers} [Online] . Available: https://developer.android.com/studio/test/monkey. [Accessed: 26 Dec 2017].}
}

@online{am,
	author = {Android},
	title = {Android Activity Manager},
	note = {\textit{Android Developers} [Online] . Available: https://developer.android.com/studio/command-line/adb\#am. [Accessed: 26 Dec 2017].}
}

@online{issue52,
	author = {waqar rashid},
	title = { Using Monkey for interactions with app to increase code coverage},
	note = {\textit{Cuckoo-droid github issue} [Online] . Available: https://github.com/idanr1986/cuckoo-droid/issues/52. [Accessed: 26 Dec 2017].}
}

@online{tsu_cswl,
	author = {cswl},
	title = {tsu},
	note = {\textit{tsu github repository} [Online] . Available: https://github.com/cswl/tsu. [Accessed: 27 Dec 2017].}
}

@online{tsu_kiney,
	author = {cswl and kiney},
	title = {tsu},
	note = {\textit{tsu github repository} [Online] . Available: https://github.com/kiney/tsu. [Accessed: 27 Dec 2017].}
}

@online{distribution_dashboard,
	author = {Android},
	title = {Distribution dashboard },
	note = {\textit{Android Developers} [Online] . Available: https://developer.android.com/about/dashboards/. [Accessed: 14 Jun 2017].}
}

@online{frida_compile,
	author = {Ole AndrÃ© Vadla RavnÃ¥s},
	title = {frida-compile},
	note = {\textit{frida-compile github repository} [Online] . Available: https://github.com/frida/frida-compile. [Accessed: 30 Dec 2017].}
}

@online{frida_fs,
	author = {Ole AndrÃ© Vadla RavnÃ¥s},
	title = {frida-fs},
	note = {\textit{github repository} [Online] . Available: https://github.com/nowsecure/frida-fs. [Accessed: 30 Dec 2017].}
}

@online{honeynet_gsoc_project,
	author = {Hugo GonzÃ¡lez},
	title = {Project \#19 - Android Instrumented Sandbox in a Real Device},
	note = {\textit{honeynet project GSoC 2018 projects} [Online] . Available: https://www.honeynet.org/gsoc2018/ideas. [Accessed: 20, March 2018].}
}


@online{cuckoodroid_pullreq,
	author = {Waqar Rashid}, 
	title = {Pull request to CuckooDroid},
	note = {\textit{Pull request to CuckooDroid} [Online] . Available: https://github.com/idanr1986/cuckoo-droid/pull/74. [Accessed: July 25, 2018].}
}

@online{cuckoodroid_quoscient,
	author = {QuoScient GmbH}, 
	title = {CuckooDroid QuoScient repository},
	note = {\textit{CuckooDroid QuoScient repository} [Online] . Available: https://github.com/quoscient/cuckoo-droid. [Accessed: July 25, 2018].}
}

@online{droppers,
	author = {Catalin Cimpanu }, 
	title = {Droppers},
	note = {\textit{Droppers Is How Android Malware Keeps Sneaking Into the Play Store} [Online] . Available: https://www.bleepingcomputer.com/news/security/droppers-is-how-android-malware-keeps-sneaking-into-the-play-store/ [Accessed: July 25, 2018].}
}